@Book{xie2015,
  title = {Dynamic Documents with {R} and knitr},
  author = {Yihui Xie},
  publisher = {Chapman and Hall/CRC},
  address = {Boca Raton, Florida},
  year = {2015},
  edition = {2nd},
  note = {ISBN 978-1498716963},
  url = {http://yihui.name/knitr/},
}
@article{psqi1989,
  title={The Pittsburgh Sleep Quality Index: a new instrument for psychiatric practice and research},
  author={Buysse, Daniel J and Reynolds, Charles F and Monk, Timothy H and Berman, Susan R and Kupfer, David J},
  journal={Psychiatry research},
  volume={28},
  number={2},
  pages={193--213},
  year={1989},
  publisher={Elsevier}
}
@inproceedings{bai2012,
  title={Will you have a good sleep tonight?: sleep quality prediction with mobile phone},
  author={Bai, Yin and Xu, Bin and Ma, Yuanchao and Sun, Guodong and Zhao, Yu},
  booktitle={Proceedings of the 7th International Conference on Body Area Networks},
  pages={124--130},
  year={2012},
  organization={ICST (Institute for Computer Sciences, Social-Informatics and Telecommunications Engineering)}
}
@article{mastin2006,
  title={Assessment of sleep hygiene using the Sleep Hygiene Index},
  author={Mastin, David F and Bryson, Jeff and Corwyn, Robert},
  journal={Journal of behavioral medicine},
  volume={29},
  number={3},
  pages={223--227},
  year={2006},
  publisher={Springer}
}
